<record xmlns="http://www.openarchives.org/OAI/2.0/" xmlns:xsi="http://www.w3.org/2001/XMLSchema-instance"><header><identifier>oai:alma.34CSIC_INST:990013495820204201</identifier><datestamp>2020-02-06T08:41:03Z</datestamp><setSpec>manuscripta</setSpec></header><metadata><record xmlns="http://www.loc.gov/MARC21/slim" xmlns:xsi="http://www.w3.org/2001/XMLSchema-instance" xsi:schemaLocation="http://www.loc.gov/MARC21/slim http://www.loc.gov/standards/marcxml/schema/MARC21slim.xsd"><leader>04367nam a2200505 i 4500</leader><controlfield tag="005">20181031100402.0</controlfield><controlfield tag="008">010824nuuuu                  000 0 ara d</controlfield><controlfield tag="001">990013495820204201</controlfield><datafield tag="035" ind1=" " ind2=" "><subfield code="a">CSIC001349582</subfield></datafield><datafield tag="035" ind1=" " ind2=" "><subfield code="a">(ES-MaCSI)001349582MAD01-Aleph</subfield></datafield><datafield tag="035" ind1=" " ind2=" "><subfield code="a">(OCoLC)1124050916
</subfield></datafield><datafield tag="040" ind1=" " ind2=" "><subfield code="a">ES-MaCSI</subfield><subfield code="b">spa</subfield><subfield code="c">VL</subfield></datafield><datafield tag="245" ind1="1" ind2="0"><subfield code="a">مجموعة أحاديث‭</subfield><subfield code="h">[‭Manuscrito]</subfield></datafield><datafield tag="260" ind1=" " ind2=" "><subfield code="c">[S. f.].</subfield></datafield><datafield tag="300" ind1=" " ind2=" "><subfield code="a">77 f. (de los que los dos últimos del volumen están sin foliar) con las guardas pegadas a las tapas. ;</subfield><subfield code="c">14,5 x 11 cm.</subfield></datafield><datafield tag="490" ind1="0" ind2=" "><subfield code="a">Manuscripta</subfield></datafield><datafield tag="546" ind1=" " ind2=" "><subfield code="a">Arabe</subfield><subfield code="b">Escritura magrebí</subfield></datafield><datafield tag="500" ind1=" " ind2=" "><subfield code="a">Título transliterado: Maŷmūʽat aḥādīṯ</subfield></datafield><datafield tag="500" ind1=" " ind2=" "><subfield code="a">Título facticio</subfield></datafield><datafield tag="500" ind1=" " ind2=" "><subfield code="a">Distribución: 1 col.</subfield></datafield><datafield tag="500" ind1=" " ind2=" "><subfield code="a">Material: Papel</subfield></datafield><datafield tag="500" ind1=" " ind2=" "><subfield code="a">Tinta: Negra y roja</subfield></datafield><datafield tag="500" ind1=" " ind2=" "><subfield code="a">Características especiales: Texto vocalizado</subfield></datafield><datafield tag="500" ind1=" " ind2=" "><subfield code="a">Ilustración: No</subfield></datafield><datafield tag="500" ind1=" " ind2=" "><subfield code="a">Ilustraciones: No</subfield></datafield><datafield tag="500" ind1=" " ind2=" "><subfield code="a">Tipo de cuaderno: 9 cuad.: 1 bifolio, 3 terniones, 3 cuaterniones, 1 quinión, 1 octnión y 7 folios sueltos.</subfield></datafield><datafield tag="500" ind1=" " ind2=" "><subfield code="a">Foliación: Sin foliación original. - Foliación moderna a lápiz hecha por Concepción Castillo Castillo (1984). La primera obra ha sido foliada del 1 al 44 y la segunda del 1 al 31.</subfield></datafield><datafield tag="500" ind1=" " ind2=" "><subfield code="a">Sign. cuad.: No</subfield></datafield><datafield tag="500" ind1=" " ind2=" "><subfield code="a">Pautado: Punta seca (casi inapreciable). - Líneas de justificación</subfield></datafield><datafield tag="500" ind1=" " ind2=" "><subfield code="a">Filigrana: Filigrana incompleta de una circunferencia cuyo interior alberga una cruz. Filigrana incompleta de un escudo en forma de corazón cuyo interior ocupa una cruz y debajo del escudo se lee “AM” en letras mayúsculas. Filigrana incompleta de un escudo en forma de corazón cuyo interior ocupa una cruz y debajo del escudo se lee “LAC” en letras mayúsculas ahuecadas. Contrafiligrana ilegible. Filigrana incompleta de un escudo en forma de corazón cuyo interior ocupa una cruz y debajo del escudo se lee “GJ” en letras mayúsculas.</subfield></datafield><datafield tag="563" ind1=" " ind2=" "><subfield code="a">Encuadernación: Pergamino sobre piel marrón</subfield></datafield><datafield tag="541" ind1=" " ind2=" "><subfield code="a">Procedencia: Universidad de Granada</subfield><subfield code="d">Ingreso: No consta</subfield></datafield><datafield tag="500" ind1=" " ind2=" "><subfield code="a">Signatura antigua: VOL. III; A-5-3; Caja C-53</subfield></datafield><datafield tag="500" ind1=" " ind2=" "><subfield code="a">Anotaciones: La antigua signatura del volumen “Caja C-53” aparece a lápiz en el recto de la guarda del inicio; repitiéndose en el folio 32v, junto a otras anotaciones numéricas, también a lápiz, tachadas y un sello que no se distingue de qué es. En la tapa principal se lee: “18 hojas”; mientras que. en la tapa posterior apenas se distinguen números, letras y algunas líneas horizontales. En el lomo hay una anotación pero es ilegible, además de tres etiquetas donde figuran en cada una de ellas las antiguas asignaturas del volumen, de este modo, en la superior se lee “10”, y en las de debajo “Caja C-53” que la tapa la etiqueta “2º A-5-3”. Antiguo sello de la Biblioteca Universitaria de Granada en algunos folios del volumen.</subfield></datafield><datafield tag="500" ind1=" " ind2=" "><subfield code="a">Descripción: Catálogo de la Exposición celebrada con motivo del cincuentenario: 1932-1982, Granada, 1982, 16. - Castillo Castillo, C., Manuscritos arábigos que se conservan en la Escuela de Estudios Árabes de Granada. En: Cuadernos de historia del Islam 11 (1984), 217.</subfield></datafield><datafield tag="530" ind1=" " ind2=" "><subfield code="a">Otros soportes: No</subfield></datafield><datafield tag="581" ind1=" " ind2=" "><subfield code="a">Edición: No</subfield></datafield><datafield tag="510" ind1="4" ind2=" "><subfield code="a">Catálogo de la Exposición celebrada con motivo del cincuentenario: 1932-1982</subfield><subfield code="c">p. 16</subfield></datafield><datafield tag="510" ind1="4" ind2=" "><subfield code="a">Manuscritos arábigos que se conservan en la Escuela de Estudios Árabes de Granada</subfield><subfield code="c">p. 217</subfield></datafield><datafield tag="520" ind1="2" ind2=" "><subfield code="a">Contenido: Maŷmūʽat aḥādīṯ (f. 1-44) [s. f.] [Incompleto, acéfalo y ápodo]. - Maŷmūʽat aḥādīṯ (f. 1-30) [s. f.] [Incompleto, acéfalo y ápodo]</subfield></datafield><datafield tag="650" ind1=" " ind2="7"><subfield code="a">Hadit</subfield><subfield code="v">Manuscritos.</subfield><subfield code="2">CSICAU</subfield></datafield><datafield tag="740" ind1="0" ind2=" "><subfield code="a">Maŷmūʽat aḥādīṯ</subfield></datafield><datafield tag="830" ind1=" " ind2="0"><subfield code="a">Manuscripta</subfield></datafield><datafield tag="856" ind1="4" ind2="1"><subfield code="u">http://aleph.csic.es/imagenes/mad01/0006_PMSC/P_001349582_782595_V00.pdf</subfield><subfield code="z">Descargar Pdf completo (25M)</subfield><subfield code="m">CSIC</subfield></datafield><datafield tag="856" ind1="4" ind2="1"><subfield code="u">http://simurg.bibliotecas.csic.es/viewer/image/CSIC001349582/1/</subfield><subfield code="z">Ver texto completo en SIMURG, el portal de fondos digitalizados del CSIC</subfield><subfield code="m">CSIC</subfield></datafield><datafield tag="856" ind1="4" ind2="1"><subfield code="u">http://aleph.csic.es/imagenes/mad01/0006_PMSC/html/001349582.html</subfield><subfield code="z">Ver texto completo en Bookreader</subfield></datafield></record></metadata></record>